@MISC{WEBSITE:1,
	URL = "\url{https://www.latex-tutorial.com/tutorials}",
	HOWPUBLISHED = "\url{https://www.latex-tutorial.com/tutorials}",
	AUTHOR = "Claudio Vellage",
	TITLE = "Latex-tutorial",
	YEAR = "2017",
}
@MISC{WEBSITE:2,
	URL = "\url{https://www.overleaf.com/learn/latex/Learn\_LaTeX\_in\_30\_minutes}",
	HOWPUBLISHED = "\url{https://www.overleaf.com/learn/latex/Learn\_LaTeX\_in\_30\_minutes}",
	AUTHOR = "Overleaf",
	TITLE = "Learn LaTeX in 30 minutes",
	YEAR = "2020",
}
@MISC{WEBSITE:3,
	URL = "\url{https://www.stackoverflow.com}",
	HOWPUBLISHED = "\url{https://www.stackoverflow.com}",
	AUTHOR = "Various",
    TITLE = "Stackoverflow",
	YEAR = "2020",
}
@MISC{WEBSITE:4,
	URL = "\url{https://www.latex-tutorial.com/tutorials/bibtex/}",
	HOWPUBLISHED = "\url{https://www.latex-tutorial.com/tutorials/bibtex/}",
	AUTHOR = "Claudio Vellage",
	TITLE = "Latex-tutorial: Bibliography",
	YEAR = "2017",
}
@MISC{IMAGE:1,
    URL = "\url{https://www.pexels.com/photo/white-ceramic-mug-filled-with-coffee-beside-coffee-beans-678654/}",
	HOWPUBLISHED = "\url{https://www.pexels.com/photo/white-ceramic-mug-filled-with-coffee-beside-coffee-beans-678654/}",
    TITLE = "Coffee",
    AUTHOR = "Janko Ferlic"
}
